<record><leader>00000cas a22000007a 4500</leader><controlfield tag="001">17282710</controlfield><controlfield tag="008">871223d19131915iauwr ne      0    0eng d</controlfield><datafield ind1=" " ind2=" " tag="010"><subfield code="a">sn 87058665 </subfield></datafield><datafield ind1=" " ind2=" " tag="040"><subfield code="a">INP</subfield><subfield code="b">eng</subfield><subfield code="c">INP</subfield><subfield code="d">OCLCQ</subfield></datafield><datafield ind1=" " ind2=" " tag="042"><subfield code="a">msc</subfield></datafield><datafield ind1="0" ind2="0" tag="245"><subfield code="a">Fonda journal and times.</subfield></datafield><datafield ind1="1" ind2="3" tag="246"><subfield code="a">Journal and times</subfield></datafield><datafield ind1=" " ind2=" " tag="260"><subfield code="a">Fonda, Pocahontas County, Iowa :</subfield><subfield code="b">H.E. Hornor,</subfield><subfield code="c">1913-1915.</subfield></datafield><datafield ind1=" " ind2=" " tag="300"><subfield code="a">4 v.</subfield></datafield><datafield ind1=" " ind2=" " tag="310"><subfield code="a">Weekly</subfield></datafield><datafield ind1="0" ind2=" " tag="362"><subfield code="a">Vol. 37, no. 52 (Feb. 27, 1913)-v. 40, no. 10 (May 6, 1915).</subfield></datafield><datafield ind1=" " ind2=" " tag="752"><subfield code="a">United States</subfield><subfield code="b">Iowa</subfield><subfield code="c">Pocahontas</subfield><subfield code="d">Fonda.</subfield></datafield><datafield ind1="0" ind2="0" tag="780"><subfield code="t">Journal and times (Fonda, Iowa : 1912)</subfield><subfield code="w">(DLC)sn 87058664</subfield></datafield><datafield ind1="0" ind2="0" tag="785"><subfield code="t">Journal and times (Fonda, Iowa : 1915)</subfield><subfield code="w">(DLC)sn 87058666</subfield></datafield></record>